
@Article{Backer_2021,
   Author="Backer, J. A.  and Mollema, L.  and Vos, E. R.  and Klinkenberg, D.  and van der Klis, F. R.  and de Melker, H. E.  and van den Hof, S.  and Wallinga, J. ",
   Title="{{I}mpact of physical distancing measures against {C}{O}{V}{I}{D}-19 on contacts and mixing patterns: repeated cross-sectional surveys, the {N}etherlands, 2016-17, {A}pril 2020 and {J}une 2020}",
   Journal="Euro Surveill",
   Year="2021",
   Volume="26",
   Number="8",
   Month="02",
   doi = "http://dx.doi.org/10.2807/1560-7917.ES.2021.26.8.2000994"
}

@misc{Bogaardt_2022,
  author = {Bogaardt, L. and Backer, J. A.},
  title = {{C}o{M}ix social contact data ({T}he {N}etherlands)},
  howpublished = "\url{http://zenodourl/}",
  year = {2022}, 
  note = "[Online; accessed 19 July 2022]"
}


@Article{Bosetti_2021,
   Author="Bosetti, P.  and Huynh, B. T.  and Abdou, A. Y.  and Sanchez, M.  and Eisenhauer, C.  and Courtejoie, N.  and Accardo, J.  and Salje, H.  and Guillemot, D.  and Moslonka-Lefebvre, M.  and Boëlle, P. Y.  and Béraud, G.  and Cauchemez, S.  and Opatowski, L. ",
   Title="{{L}ockdown impact on age-specific contact patterns and behaviours, {F}rance, {A}pril 2020}",
   Journal="Euro Surveill",
   Year="2021",
   Volume="26",
   Number="48",
   Month="12",
   doi = "http://dx.doi.org/10.2807/1560-7917.ES.2021.26.48.2001636"
}

@MISC{CBS_2021,
   author = "{Statistics Netherlands}",
   title = "Bevolking; geslacht, leeftijd en burgerlijke staat, 1 januari 2021",
   year = "2021",
   howpublished = "\url{https://opendata.cbs.nl/statline/\#/CBS/nl/dataset/7461bev/table}",
   note = "[Online; accessed 1 July 2021]"
}


@Article{Coletti_2020,
   Author="Coletti, P.  and Wambua, J.  and Gimma, A.  and Willem, L.  and Vercruysse, S.  and Vanhoutte, B.  and Jarvis, C. I.  and Van Zandvoort, K.  and Edmunds, J.  and Beutels, P.  and Hens, N. ",
   Title="{{C}o{M}ix: comparing mixing patterns in the {B}elgian population during and after lockdown}",
   Journal="Sci Rep",
   Year="2020",
   Volume="10",
   Number="1",
   Pages="21885",
   Month="12",
   doi = "https://dx.doi.org/10.1038/s41598-020-78540-7"
}


@Article{Coletti_2021,
   Author="Coletti, P.  and Libin, P.  and Petrof, O.  and Willem, L.  and Abrams, S.  and Herzog, S. A.  and Faes, C.  and Kuylen, E.  and Wambua, J.  and Beutels, P.  and Hens, N. ",
   Title="{{A} data-driven metapopulation model for the {B}elgian {C}{O}{V}{I}{D}-19 epidemic: assessing the impact of lockdown and exit strategies}",
   Journal="BMC Infect Dis",
   Year="2021",
   Volume="21",
   Number="1",
   Pages="503",
   Month="May",
   doi = "https://dx.doi.org/10.1186/s12879-021-06092-w"
}


@Article{Drolet_2022,
   Author="Drolet, M.  and Godbout, A.  and Mondor, M.  and Béraud, G.  and Drolet-Roy, L.  and Lemieux-Mellouki, P.  and Bureau, A.  and Demers, É.  and Boily, M. C.  and Sauvageau, C.  and De Serres, G.  and Hens, N.  and Beutels, P.  and Dervaux, B.  and Brisson, M. ",
   Title="{{T}ime trends in social contacts before and during the {C}{O}{V}{I}{D}-19 pandemic: the {C}{O}{N}{N}{E}{C}{T} study}",
   Journal="BMC Public Health",
   Year="2022",
   Volume="22",
   Number="1",
   Pages="1032",
   Month="05",
   doi = "https://dx.doi.org/10.1186/s12889-022-13402-7"
}

@Article{Feehan_2021,
   Author="Feehan, D. M.  and Mahmud, A. S. ",
   Title="{{Q}uantifying population contact patterns in the {U}nited {S}tates during the {C}{O}{V}{I}{D}-19 pandemic}",
   Journal="Nat Commun",
   Year="2021",
   Volume="12",
   Number="1",
   Pages="893",
   Month="02",
   doi = "https://dx.doi.org/10.1038/s41467-021-20990-2"

}

@Article{Franco_2022,
   Author="Franco, N.  and Coletti, P.  and Willem, L.  and Angeli, L.  and Lajot, A.  and Abrams, S.  and Beutels, P.  and Faes, C.  and Hens, N. ",
   Title="{{I}nferring age-specific differences in susceptibility to and infectiousness upon {S}{A}{R}{S}-{C}o{V}-2 infection based on {B}elgian social contact data}",
   Journal="PLoS Comput Biol",
   Year="2022",
   Volume="18",
   Number="3",
   Pages="e1009965",
   Month="03",
   doi =  "https://doi.org/10.1371/journal.pcbi.1009965"
}

@Article{Gimma_2022,
   Author="Gimma, A.  and Munday, J. D.  and Wong, K. L. M.  and Coletti, P.  and van Zandvoort, K.  and Prem, K.  and Klepac, P.  and Rubin, G. J.  and Funk, S.  and Edmunds, W. J.  and Jarvis, C. I. ",
   Title="{{C}hanges in social contacts in {E}ngland during the {C}{O}{V}{I}{D}-19 pandemic between {M}arch 2020 and {M}arch 2021 as measured by the {C}o{M}ix survey: {A} repeated cross-sectional study}",
   Journal="PLoS Med",
   Year="2022",
   Volume="19",
   Number="3",
   Pages="e1003907",
   Month="03",
   doi = "https://doi.org/10.1371/journal.pmed.1003907"
}


@Article{Hoang_2019,
   Author="Hoang, T.  and Coletti, P.  and Melegaro, A.  and Wallinga, J.  and Grijalva, C. G.  and Edmunds, J. W.  and Beutels, P.  and Hens, N. ",
   Title="{{A} {S}ystematic {R}eview of {S}ocial {C}ontact {S}urveys to {I}nform {T}ransmission {M}odels of {C}lose-contact {I}nfections}",
   Journal="Epidemiology",
   Year="2019",
   Volume="30",
   Number="5",
   Pages="723--736",
   Month="Sep",
   doi = "http://dx.doi.org/10.1097/EDE.0000000000001047"
}

@Article{Jarvis_2020,
   Author="Jarvis, C. I.  and Van Zandvoort, K.  and Gimma, A.  and Prem, K.  and Klepac, P.  and Rubin, G. J.  and Edmunds, W. J.  and Auzenbergs, M.  and O'Reilly, K.  and Medley, G.  and Emery, J. C.  and Houben, R. M. G. J.  and Davies, N.  and Nightingale, E. S.  and Flasche, S.  and Jombart, T.  and Hellewell, J.  and Abbott, S.  and Munday, J. D.  and Bosse, N. I.  and Funk, S.  and Sun, F.  and Endo, A.  and Rosello, A.  and Procter, S. R.  and Kucharski, A. J.  and Russell, T. W.  and Knight, G.  and Gibbs, H.  and Leclerc, Q.  and Quilty, B. J.  and Diamond, C.  and Liu, Y.  and Jit, M.  and Clifford, S.  and Pearson, C. A. B.  and Eggo, R. M.  and Deol, A. K. ",
   Title="{{Q}uantifying the impact of physical distance measures on the transmission of {C}{O}{V}{I}{D}-19 in the {U}{K}}",
   Journal="BMC Med",
   Year="2020",
   Volume="18",
   Number="1",
   Pages="124",
   Month="05",
   doi = "http://dx.doi.org/10.1186/s12916-020-01597-8"
}

@Article{Jarvis_2021,
   Author="Jarvis, C. I.  and Gimma, A.  and van Zandvoort, K.  and Wong, K. L. M.  and Edmunds, W. J.  and Abbas, K.  and Villabona-Arenas, C. J.  and O'Reilly, K.  and Quaife, M.  and Rosello, A.  and Kucharski, A. J.  and Gibbs, H. P.  and Atkins, K. E.  and Barnard, R. C.  and Bosse, N. I.  and Procter, S. R.  and Meakin, S. R.  and Sun, F. Y.  and Abbott, S.  and Munday, J. D.  and Russell, T. W.  and Flasche, S.  and Sherratt, K.  and Eggo, R. M.  and Davies, N. G.  and Quilty, B. J.  and Auzenbergs, M.  and Hellewell, J.  and Jombart, T.  and Jafari, Y.  and Leclerc, Q. J.  and Lowe, R.  and Foss, A. M.  and Jit, M.  and Deol, A. K.  and Hué, S.  and Knight, G. M.  and Endo, A.  and Prem, K.  and Emery, J. C.  and Clifford, S.  and Medley, G.  and Funk, S.  and Sandmann, F. G.  and Tully, D. C.  and Pearson, C. A. B.  and Gore-Langton, G. R.  and Showering, A.  and Houben, R. M. G. J.  and Nightingale, E. S.  and Klepac, P.  and Waterlow, N. R.  and Chan, Y. D.  and Rudge, J. W.  and Simons, D.  and Diamond, C.  and Williams, J.  and Brady, O.  and Liu, Y. ",
   Title="{{T}he impact of local and national restrictions in response to {C}{O}{V}{I}{D}-19 on social contacts in {E}ngland: a longitudinal natural experiment}",
   Journal="BMC Med",
   Year="2021",
   Volume="19",
   Number="1",
   Pages="52",
   Month="02",
   doi = "http://dx.doi.org/10.1186/s12916-021-01924-7"
}

@Article{Latsuzbaia_2020,
   Author="Latsuzbaia, A.  and Herold, M.  and Bertemes, J. P.  and Mossong, J. ",
   Title="{{E}volving social contact patterns during the {C}{O}{V}{I}{D}-19 crisis in {L}uxembourg}",
   Journal="PLoS One",
   Year="2020",
   Volume="15",
   Number="8",
   Pages="e0237128",
   doi = "http://dx.doi.org/10.1371/journal.pone.0237128"
}

@Article{Liljeros_2001,
   Author="Liljeros, F.  and Edling, C. R.  and Amaral, L. A.  and Stanley, H. E.  and Aberg, Y. ",
   Title="{{T}he web of human sexual contacts}",
   Journal="Nature",
   Year="2001",
   Volume="411",
   Number="6840",
   Pages="907--908",
   Month="Jun",
   doi = "http://dx.doi.org/10.1038/35082140"
}



@Article{Mossong_2008,
  Author="Mossong, J.  and Hens, N.  and Jit, M.  and Beutels, P.  and Auranen, K.  and Mikolajczyk, R.  and Massari, M.  and Salmaso, S.  and Tomba, G. S.  and Wallinga, J.  and Heijne, J.  and Sadkowska-Todys, M.  and Rosinska, M.  and Edmunds, W. J. ",
  Title="{{S}ocial contacts and mixing patterns relevant to the spread of infectious diseases}",
  Journal="PLoS Med.",
  Year="2008",
  Volume="5",
  Number="3",
  Pages="e74",
  Month="Mar",
  doi = "http://dx.doi.org/10.1371/journal.pmed.0050074"
}

@Article{Munday_2021,
   Author="Munday, J. D.  and Jarvis, C. I.  and Gimma, A.  and Wong, K. L. M.  and van Zandvoort, K.  and Funk, S.  and Edmunds, W. J.  and Liu, Y.  and Hellewell, J.  and Davies, N. G.  and Villabona-Arenas, C. J.  and Eggo, R. M.  and Endo, A.  and Bosse, N. I.  and Gibbs, H. P.  and Pearson, C. A. B.  and Sun, F. Y.  and Jit, M.  and O'Reilly, K.  and Jafari, Y.  and Atkins, K. E.  and Waterlow, N. R.  and Rosello, A.  and Chan, Y. D.  and Foss, A. M.  and Quilty, B. J.  and Russell, T. W.  and Flasche, S.  and Procter, S. R.  and Waites, W.  and Barnard, R. C.  and Kucharski, A. J.  and Jombart, T.  and Medley, G.  and Lowe, R.  and Krauer, F.  and Tully, D. C.  and Prem, K.  and Lei, J.  and Brady, O.  and Sandmann, F. G.  and Meakin, S. R.  and Abbas, K.  and Knight, G. M.  and Quaife, M.  and Koltai, M.  and Abbott, S.  and Clifford, S. ",
   Title="{{E}stimating the impact of reopening schools on the reproduction number of {S}{A}{R}{S}-{C}o{V}-2 in {E}ngland, using weekly contact survey data}",
   Journal="BMC Med",
   Year="2021",
   Volume="19",
   Number="1",
   Pages="233",
   Month="09",
   doi = "http://dx.doi.org/10.1186/s12916-021-02107-0"
}

@misc{Nivel_2021,
  author = {Hooiveld, M. and Heins, M. and Hendriksen, J. and Korevaar, J. },
  title = {{A}antal mensen met medische indicatie voor vaccinatie tegen {C}{O}{V}{I}{D}-19 ({N}umber of people with medical indication for vaccination against {C}{O}{V}{I}{D}-19)},
  howpublished = "\url{https://www.nivel.nl/sites/default/files/bestanden/1003980.pdf}",
  year = {2021}, 
  note = "[Online; accessed 8 August 2022]"
}


@Article{Quaife_2020,
   Author="Quaife, M.  and van Zandvoort, K.  and Gimma, A.  and Shah, K.  and McCreesh, N.  and Prem, K.  and Barasa, E.  and Mwanga, D.  and Kangwana, B.  and Pinchoff, J.  and Edmunds, W. J.  and Jarvis, C. I.  and Austrian, K.  and Bosse, N. I.  and Medley, G.  and O'Reilly, K.  and Leclerc, Q. J.  and Jit, M.  and Lowe, R.  and Davies, N. G.  and Deol, A. K.  and Knight, G. M.  and Auzenbergs, M.  and Edmunds, W. J.  and Atkins, K. E.  and Jombart, T.  and Eggo, R. M.  and Foss, A. M.  and Flasche, S.  and Pearson, C. A. B.  and Nightingale, E. S.  and Munday, J. D.  and Abbott, S.  and Quilty, B. J.  and Gibbs, H. P.  and Simons, D.  and Emery, J. C.  and Hué, S.  and Liu, Y.  and Tully, D. C.  and Rosello, A.  and Procter, S. R.  and Endo, A.  and Russell, T. W.  and Rees, E. M.  and Diamond, C.  and Meakin, S. R.  and Kucharski, A. J.  and Gore-Langton, G. R.  and Klepac, P.  and Hellewell, J.  and Sun, F. Y.  and Houben, R. M. G. J.  and Villabona-Arenas, C. J.  and Funk, S.  and Clifford, S.  and Brady, O. ",
   Title="{{T}he impact of {C}{O}{V}{I}{D}-19 control measures on social contacts and transmission in {K}enyan informal settlements}",
   Journal="BMC Med",
   Year="2020",
   Volume="18",
   Number="1",
   Pages="316",
   Month="10",
   doi = "http://dx.doi.org/10.1186/s12916-020-01779-4"
}

@Manual{R_2022,
    title = {R: A Language and Environment for Statistical Computing},
    author = {{R Core Team}},
    organization = {R Foundation for Statistical Computing},
    address = {Vienna, Austria},
    year = {2022},
    url = {https://www.R-project.org/},
}

@misc{RIVM_2022,
  author = {RIVM},
  title = {{C}umulatieve opkomst tenminste één {C}{O}{V}{I}{D}-19 vaccinatie naar geboortejaar en week ({C}umulative coverage of at least one {C}{O}{V}{I}{D}-19 vaccination per birth year and calendar week)},
  howpublished = "\url{https://www.rivm.nl/covid-19-vaccinatie/cijfers-vaccinatieprogramma}",
  year = {2022}, 
  note = "[Online; accessed 14 April 2022]"
}

@Article{Sypsa_2021,
   Author="Sypsa, V.  and Roussos, S.  and Paraskevis, D.  and Lytras, T.  and Tsiodras, S.  and Hatzakis, A. ",
   Title="{{E}ffects of {S}ocial {D}istancing {M}easures during the {F}irst {E}pidemic {W}ave of {S}evere {A}cute {R}espiratory {S}yndrome {I}nfection, {G}reece}",
   Journal="Emerg Infect Dis",
   Year="2021",
   Volume="27",
   Number="2",
   Pages="452--462",
   Month="02",
   doi = "http://dx.doi.org/10.3201/eid2702.203412"
}

@Inbook{Tagore_2015,
author="Tagore, Somnath",
editor="Kr{\'o}l, Dariusz
and Fay, Damien
and Gabry{\'{s}}, Bogdan",
title="Epidemic Models: Their Spread, Analysis and Invasions in Scale-Free Networks",
bookTitle="Propagation Phenomena in Real World Networks",
year="2015",
publisher="Springer International Publishing",
address="Cham",
pages="1--25",
abstract="The mission of this chapter is to introduce the concept of epidemic outbursts in network structures, especially in case of scale-free networks. The invasion phenomena of epidemics have been of tremendous interest among the scientific community over many years, due to its large scale implementation in real world networks. This chapter seeks to make readers understand the critical issues involved in epidemics such as propagation, spread and their combat which can be further used to design synthetic and robust network architectures. The primary concern in this chapter focuses on the concept of Susceptible-Infectious-Recovered (SIR) and Susceptible-Infectious-Susceptible (SIS) models with their implementation in scale-free networks, followed by developing strategies for identifying the damage caused in the network. The relevance of this chapter can be understood when methods discussed in this chapter could be related to contemporary networks for improving their performance in terms of robustness. The patterns by which epidemics spread through groups are determined by the properties of the pathogen carrying it, length of its infectious period, its severity as well as by network structures within the population. Thus, accurately modeling the underlying network is crucial to understand the spread as well as prevention of an epidemic. Moreover, implementing immunization strategies helps control and terminate theses epidemics.",
isbn="978-3-319-15916-4",
doi = "http://dx.doi.org/10.1007/978-3-319-15916-4_1",
url="https://doi.org/10.1007/978-3-319-15916-4_1"
}

@Article{Tomori_2021,
   Author="Tomori, D. V.  and Rübsamen, N.  and Berger, T.  and Scholz, S.  and Walde, J.  and Wittenberg, I.  and Lange, B.  and Kuhlmann, A.  and Horn, J.  and Mikolajczyk, R.  and Jaeger, V. K.  and Karch, A. ",
   Title="{{I}ndividual social contact data and population mobility data as early markers of {S}{A}{R}{S}-{C}o{V}-2 transmission dynamics during the first wave in {G}ermany-an analysis based on the {C}{O}{V}{I}{M}{O}{D} study}",
   Journal="BMC Med",
   Year="2021",
   Volume="19",
   Number="1",
   Pages="271",
   Month="10",
   doi = "http://dx.doi.org/10.3201/doi: 10.1186/s12916-021-02139-6"
}

@Article{Verelst_2021,
   Author="Verelst, F.  and Hermans, L.  and Vercruysse, S.  and Gimma, A.  and Coletti, P.  and Backer, J. A.  and Wong, K. L. M.  and Wambua, J.  and van Zandvoort, K.  and Willem, L.  and Bogaardt, L.  and Faes, C.  and Jarvis, C. I.  and Wallinga, J.  and Edmunds, W. J.  and Beutels, P.  and Hens, N. ",
   Title="{{S}{O}{C}{R}{A}{T}{E}{S}-{C}o{M}ix: a platform for timely and open-source contact mixing data during and in between {C}{O}{V}{I}{D}-19 surges and interventions in over 20 {E}uropean countries}",
   Journal="BMC Med",
   Year="2021",
   Volume="19",
   Number="1",
   Pages="254",
   Month="09",
   doi = "http://dx.doi.org/10.1186/s12916-021-02133-y"
}

@Article{Vos_2021,
   Author="Vos, E. R. A.  and van Boven, M.  and den Hartog, G.  and Backer, J. A.  and Klinkenberg, D.  and van Hagen, C. C. E.  and Boshuizen, H.  and van Binnendijk, R. S.  and Mollema, L.  and van der Klis, F. R. M.  and de Melker, H. E. ",
   Title="{{A}ssociations {B}etween {M}easures of {S}ocial {D}istancing and {S}evere {A}cute {R}espiratory {S}yndrome {C}oronavirus 2 {S}eropositivity: {A} {N}ationwide {P}opulation-based {S}tudy in the {N}etherlands}",
   Journal="Clin Infect Dis",
   Year="2021",
   Volume="73",
   Number="12",
   Pages="2318--2321",
   Month="12",
   doi = "http://dx.doi.org/10.1093/cid/ciab264"
}

@Article{Wallinga_2006,
  Author="Wallinga, J.  and Teunis, P.  and Kretzschmar, M. ",
  Title="{{U}sing data on social contacts to estimate age-specific transmission parameters for respiratory-spread infectious agents}",
  Journal="Am. J. Epidemiol.",
  Year="2006",
  Volume="164",
  Number="10",
  Pages="936--944",
  Month="Nov",
  doi = "http://dx.doi.org/10.1093/aje/kwj317"
}

@Article{Wambua_2022,
   Author="Wambua, J.  and Hermans, L.  and Coletti, P.  and Verelst, F.  and Willem, L.  and Jarvis, C. I.  and Gimma, A.  and Wong, K. L. M.  and Lajot, A.  and Demarest, S.  and Edmunds, W. J.  and Faes, C.  and Beutels, P.  and Hens, N. ",
   Title="{{T}he influence of risk perceptions on close contact frequency during the {S}{A}{R}{S}-{C}o{V}-2 pandemic}",
   Journal="Sci Rep",
   Year="2022",
   Volume="12",
   Number="1",
   Pages="5192",
   Month="03",
   doi = "http://dx.doi.org/10.1038/s41598-022-09037-8"
}


@Article{Wong_2022a,
   Author="Wong, K. L. M. and Gimma, A. and Paixao, E. S. and {CoMix Europe Working Group} and Faes, C. and Beutels, P. and Hens, N. and Jarvis, C. I. and Edmunds, W. J.",
   Title="{{P}regnancy during {C}{O}{V}{I}{D}-19: social contact patterns and vaccine coverage of pregnant women from {C}o{M}ix in 19 {E}uropean countries}",
   Journal="medRxiv",
   Year="2022",
   doi = "http://dx.doi.org/10.1101/2022.06.01.22275775"
}

@Article{Wong_2022b,
   Author="Wong, K. L. M. and Gimma, A. and Coletti, P. and {CoMix Europe Working Group} and Faes, C. and Beutels, P. and Hens, N. and Jaeger V. K. and Karch, A. and Johnson, H. and Edmunds, W. J. and Jarvis, C. I.",
   Title="{{S}ocial contact patterns during the {C}{O}{V}{I}{D}-19 pandemic in 21 {E}uropean countries – evidence from a two-year study}",
   Journal="medRxiv",
   Year="2022",
   doi = "http://dx.doi.org/10.1101/2022.07.25.22277998"
}

@Book{Wood_2017,
  title = {Generalized Additive Models: An Introduction with R},
  year = {2017},
  author = {S.N Wood},
  edition = {2},
  publisher = {Chapman and Hall/CRC},
}



@Article{Zhang_2020,
   Author="Zhang, J.  and Litvinova, M.  and Liang, Y.  and Wang, Y.  and Wang, W.  and Zhao, S.  and Wu, Q.  and Merler, S.  and Viboud, C.  and Vespignani, A.  and Ajelli, M.  and Yu, H. ",
   Title="{{C}hanges in contact patterns shape the dynamics of the {C}{O}{V}{I}{D}-19 outbreak in {C}hina}",
   Journal="Science",
   Year="2020",
   Volume="368",
   Number="6498",
   Pages="1481--1486",
   Month="06",
   doi = "http://dx.doi.org/10.1126/science.abb8001"
}




